%toutes les entrées possibles : http://bib-it.sourceforge.net/help/fieldsAndEntryTypes.php
%pour faire une référence à un des contenus de la biblio : \cite{label}
%label est le premier mot-clé qu'on met dans les accolades ci-dessous

